<collection xmlns="http://www.loc.gov/MARC21/slim"><record><leader>00751nam  2200229   450</leader><controlfield tag="001">110</controlfield><controlfield tag="003">http://montalegre.opacnet.com/OPAC/default.aspx?ContentAreaControl=ShowRegHoldings.ascx&amp;RegNo=16662</controlfield><controlfield tag="005">20</controlfield><datafield tag="095" ind1=" " ind2=" "><subfield code="a">PTBN00079402</subfield></datafield><datafield tag="100" ind1=" " ind2=" "><subfield code="a">20061013d1985    m  y0pora010305  ba</subfield></datafield><datafield tag="101" ind1="1" ind2=" "><subfield code="a">por</subfield><subfield code="c">spa</subfield></datafield><datafield tag="102" ind1=" " ind2=" "><subfield code="a">PT</subfield></datafield><datafield tag="200" ind1="1" ind2=" "><subfield code="a">Ficções</subfield><subfield code="f">Jorge Luís Borges</subfield><subfield code="g">trad. Carlos Nejas</subfield></datafield><datafield tag="210" ind1=" " ind2=" "><subfield code="a">Lisboa</subfield><subfield code="c">Livros do Brasil</subfield><subfield code="d">[D.L. 1985]</subfield></datafield><datafield tag="215" ind1=" " ind2=" "><subfield code="a">195, [4] p.</subfield><subfield code="d">19 cm</subfield></datafield><datafield tag="225" ind1="2" ind2=" "><subfield code="a">Autores de sempre</subfield></datafield><datafield tag="304" ind1=" " ind2=" "><subfield code="a">Tít. orig. : Ficciones</subfield></datafield><datafield tag="675" ind1=" " ind2=" "><subfield code="a">821.134.2(7/8)</subfield></datafield><datafield tag="700" ind1=" " ind2="1"><subfield code="a">Borges</subfield><subfield code="b">Jorge Luís</subfield><subfield code="f">1899-1986</subfield></datafield><datafield tag="702" ind1=" " ind2="1"><subfield code="a">Nejar</subfield><subfield code="b">Carlos</subfield><subfield code="f">1939</subfield><subfield code="4">730</subfield></datafield><datafield tag="801" ind1=" " ind2="0"><subfield code="a">PT</subfield><subfield code="b">Biblioteca Municipal de Montalegre</subfield><subfield code="g">RPC</subfield></datafield><datafield tag="856" ind1=" " ind2=" "><subfield code="u">locateMedia.asp?cod=20060509095007&amp;ext=jpg</subfield><subfield code="z">CAPA</subfield></datafield><datafield tag="909" ind1="&#9;" ind2=" "><subfield code="a">1</subfield></datafield><datafield tag="966" ind1=" " ind2=" "><subfield code="a">0012036</subfield><subfield code="l">BMM</subfield><subfield code="s">SCG 821.134.2(7/8) BOR fic</subfield></datafield></record></collection>